% This file was created with Citavi 6.14.0.0

% This file was created with Citavi 6.14.0.0

@misc{Bundestag.2018,
  author = {Bundestag},
  title  = {Bundesdatenschutzgesetz: {\S} 4 Abs. 1 S. 2}
}


@misc{Dr.FriedrichvonStackelbergDr.RobertMalina.2018,
  author  = {{Dr. Friedrich von Stackelberg, Dr. Robert Malina}},
  year    = {2018},
  title   = {{\"O}ffentlicher Personennahverkehr ({\"o}PNV)},
  url     = {https://wirtschaftslexikon.gabler.de/definition/oeffentlicher-personennahverkehr-oepnv-46428/version-269708},
  urldate = {17.01.2023}
}


@misc{EuropaischeUnion.,
  author = {{Europ{\"a}ische Union}},
  title  = {Datenschutzgrundverordnung}
}

@misc{LandesbeauftragtefurdenDatenschutzBadenWurttemberg.2015,
  author = {{Landesbeauftragte f{\"u}r den Datenschutz Baden-W{\"u}rttemberg}},
  year   = {2015},
  title  = {Orientierungshilfe {\glqq}Video{\"u}berwachung in {\"o}ffentlichen Verkehrsmitteln{\grqq}: Datenschutzgerechter Einsatz von optisch-elektronischen Einrichtungen in Verkehrsmitteln des {\"o}ffentlichen Personennahverkehrs und des l{\"a}nder{\"u}bergreifenden schienengebundenen Regionalverkehrs},
  url    = {https://www.datenschutz.rlp.de/fileadmin/lfdi/Dokumente/Orientierungshilfen/oh-vue-oepnv.pdf}
}


@misc{DanielaWindelband.20.April2016,
  author = {{Daniela Windelband}},
  year   = {20. April 2016},
  title  = {Fl{\"a}chendeckende Video{\"u}berwachung in {\"o}ffentlichen Verkehrsmitteln bald in allen Bundesl{\"a}ndern?},
  url    = {https://www.datenschutz-notizen.de/flaechendeckende-videoueberwachung-in-oeffentlichen-verkehrsmitteln_-bald-in-allen-bundeslaendern-0914516/}
}

@misc{BSIBundesamtfurSicherheitinderInformationstechnik.2008,
  author  = {{BSI Bundesamt f{\"u}r Sicherheit in der Informationstechnik}},
  date    = {2008},
  title   = {BSI-Standard 100-2: IT-Grundschutz-Vorgehensweise},
  url     = {https://www.bsi.bund.de/SharedDocs/Downloads/DE/BSI/Publikationen/ITGrundschutzstandards/BSI-Standard_1002.pdf?__blob=publicationFile},
  address = {Bonn},
  edition = {2}
}

@misc{Denning.2013,
  author = {Denning,, Tamara and Friedmann, Batya and Kohno, Tadayoshi},
  year   = {2013},
  title  = {The Security Cards: a security threat brainstorming toolkit},
  url    = {http://securitycards.cs.washington.edu/index.html}
}


% This file was created with Citavi 6.14.0.0

@incollection{KÃ¶nigs2017,
  abstract  = {Ein grosser und in den Grundlagen des Risikomanagements anspruchsvoller Teil liegt in der methodischen Erkennung, Analyse, Verwaltung und der Kommunikation der Risiken. Auf der Basis einer qualitativen oder quantitativen Einstufung der Risiken sowie einiger weiterer Kriterien sollen m{\"o}glichst optimale Massnahmen-L{\"o}sungen gefunden und umgesetzt werden; in einer prozessorientierten, nachvollziehbaren Abwicklung des Risikomanagements ist es auch wichtig, inwiefern die nach der Risiko-Behandlung verbleibenden Restrisiken in einem Risiko-Portfolio toleriert und ohne weitere Behandlung bewusst getragen werden k{\"o}nnen. In diesem Kapitel werden, ausgehend von Eigenschaften und den m{\"o}glichen Darstellungsweisen eines Risikos, einige grundlegenden Vorgehensweisen und Instrumente f{\"u}r das Risikomanagement in einem Unternehmen behandelt.},
  author    = {K{\"o}nigs, Hans-Peter},
  title     = {Besch{\"a}ftigung mit Risiken und Risikomanagement},
  pages     = {9--44},
  publisher = {{Springer Fachmedien Wiesbaden}},
  isbn      = {978-3-658-12004-7},
  booktitle = {IT-Risikomanagement mit System: Praxisorientiertes Management von Informationssicherheits-, IT- und Cyber-Risiken},
  year      = {2017},
  address   = {Wiesbaden},
  doi       = {10.1007/978-3-658-12004-7{\textunderscore }2}
}

% This file was created with Citavi 6.14.0.0

@misc{Gutwirth.23.03.2011,
  author  = {Gutwirth, Serge and Gellert, Raphael and Bellanova, Rocco and Friedewald, Michael and Sch{\"u}tz, Philip and Wright, David},
  date    = {23.03.2011},
  year    = {2011},
  title   = {Legal, social, economic and ethical conceptualisations of privacy and data protection},
  url     = {http://www.prescient-project.eu/prescient/inhalte/download/PRESCIENT-D1---final.pdf},
  edition = {2}
}


% This file was created with Citavi 6.14.0.0

@article{Reuter.12.02.2019,
  author  = {Reuter, Markus},
  year    = {12.02.2019},
  journal = {netzpolitik.org},
  title   = {B{\"u}rgerrechtler: Berliner Nahverkehr soll auf Kameras mit Mikrofonen verzichten},
  url     = {https://netzpolitik.org/2019/buergerrechtler-berliner-verkehrsgesellschaft-soll-auf-kameras-mit_-mikrofonen-verzichten/},
  volume  = {2019}
}

% This file was created with Citavi 6.14.0.0

@book{Hoepman.2022,
  author    = {Hoepman, Jaap-Henk},
  year      = {2022},
  title     = {Privacy Design Strategies: (The Little Blue Book)},
  url       = {https://www.cs.ru.nl/~jhh/publications/pds-booklet.pdf},
  publisher = {{Jaap-Henk Hoepman}}
}








